<?xml version="1.0" encoding="UTF-8"?><record xmlns="http://www.loc.gov/MARC21/slim" xmlns:cinclude="http://apache.org/cocoon/include/1.0" xmlns:zs="http://www.loc.gov/zing/srw/">
  <leader>01065cz  a2200253n  4500</leader>
  <controlfield tag="001">nr2004035907</controlfield>
  <controlfield tag="003">DLC</controlfield>
  <controlfield tag="005">20111020075329.0</controlfield>
  <controlfield tag="008">041130n| acannaabn          |b aaa     c</controlfield>
  <datafield tag="010" ind1=" " ind2=" ">
    <subfield code="a">nr2004035907</subfield>
    <subfield code="z">no2001101317</subfield>
  </datafield>
  <datafield tag="035" ind1=" " ind2=" ">
    <subfield code="a">(OCoLC)oca06537585</subfield>
  </datafield>
  <datafield tag="040" ind1=" " ind2=" ">
    <subfield code="a">PU-ME</subfield>
    <subfield code="b">eng</subfield>
    <subfield code="c">PU-ME</subfield>
    <subfield code="d">DLC</subfield>
    <subfield code="d">OCoLC</subfield>
  </datafield>
  <datafield tag="100" ind1="1" ind2=" ">
    <subfield code="a">Buraysim, Qāsim</subfield>
  </datafield>
  <datafield tag="400" ind1="1" ind2=" ">
    <subfield code="a">Albrisem, Qasim</subfield>
  </datafield>
  <datafield tag="400" ind1="1" ind2=" ">
    <subfield code="a">بريسم، قاسم</subfield>
  </datafield>
  <datafield tag="400" ind1="1" ind2=" ">
    <subfield code="a">Buraysam, Qāsim</subfield>
  </datafield>
  <datafield tag="400" ind1="1" ind2=" ">
    <subfield code="a">Albreisem, Qasim</subfield>
  </datafield>
  <datafield tag="400" ind1="1" ind2=" ">
    <subfield code="a">Braysim, Qāsim</subfield>
  </datafield>
  <datafield tag="400" ind1="1" ind2=" ">
    <subfield code="a">Brīsim, Qāsim</subfield>
  </datafield>
  <datafield tag="667" ind1=" " ind2=" ">
    <subfield code="a">Machine-derived non-Latin script reference project.</subfield>
  </datafield>
  <datafield tag="667" ind1=" " ind2=" ">
    <subfield code="a">Non-Latin script reference not evaluated.</subfield>
  </datafield>
  <datafield tag="670" ind1=" " ind2=" ">
    <subfield code="a">al-Sharārah wa-al-ramād, 2003:</subfield>
    <subfield code="b">t.p. (al-Duktūr Qāsim al-Buraysim) added t.p. (Dr. Qasim Albrisem [in rom.])</subfield>
  </datafield>
  <datafield tag="670" ind1=" " ind2=" ">
    <subfield code="a">al-Sharārah wa-al-ramād, 2004:</subfield>
    <subfield code="b">t.p. (al-Duktūr Qāsim al-Buraysim) p. 4 of cover (b. 1951, al-Baṣrah)</subfield>
  </datafield>
  <datafield tag="670" ind1=" " ind2=" ">
    <subfield code="a">Manhaj al-naqd al-ṣawtī fī taḥlīl al-khiṭāb al-shiʻrī, 2000:</subfield>
    <subfield code="b">t.p. (al-Duktūr Qāsim al-Buraysam) added t.p. (Dr. Qasim Albreisem)</subfield>
  </datafield>
</record>